%% This BibTeX bibliography file was created using BibDesk.
%% http://bibdesk.sourceforge.net/


%% Created for Marco Goretti at 2016-05-20 15:44:37 +0200


%% Saved with string encoding Unicode (UTF-8)



@article{silver,
	Author = {Brett Silverstein},
	Date-Added = {2016-05-20 13:43:50 +0000},
	Date-Modified = {2016-05-20 13:44:34 +0000},
	Journal = {The American Journa of Psychiatry},
	Title = {Gender Differences in the Prevalence of Somatic Versus Pure Depression: A Replication},
	Year = {2002}}

@article{dave,
	Author = {Dhaval M. Dave and Jennifer Tennant and Gregory J. Colman},
	Date-Added = {2016-05-20 13:37:29 +0000},
	Date-Modified = {2016-05-20 13:38:29 +0000},
	Journal = {NBER Working Paper},
	Title = {ISOLATING THE EFFECT OF MAJOR DEPRESSION ON OBESITY: ROLE OF SELECTION BIAS},
	Year = {2011}}

@article{markowitz,
	Author = {Sarah Markowitz and Michael A. Friedman and Shawn M. Arent},
	Date-Added = {2016-05-20 13:30:04 +0000},
	Date-Modified = {2016-05-20 13:31:02 +0000},
	Journal = {CLINICAL PSYCHOLOGY: SCIENCE AND PRACTICE},
	Title = {Understanding the Relation Between Obesity and Depression: Causal Mechanisms and Implications for Treatment},
	Volume = {15},
	Year = {2008}}

@article{neuro,
	Author = {Elaine Setiawan and Alan A. Wilson and Romina Mizrahi and Pablo M. Rusjan and Laura Miler and Grazyna Rajkowska and Ivonne Suridjan and James L. Kennedy and P. Vivien Rekkas and Sylvain Houle and Jeffrey H. Meyer},
	Date-Added = {2016-05-20 12:35:43 +0000},
	Date-Modified = {2016-05-20 13:23:28 +0000},
	Journal = {JAMA Psychiatry},
	Title = {Role of Translocator Protein Density, a Marker of Neuroinflammation, in the Brain During Major Depressive Episodes},
	Year = {2015}}

@article{luppino,
	Author = {Floriana S. Luppino and  Leonore M. de Wit and  Paul F. Bouvy and  Theo Stijnen and  Pim Cuijpers and  Brenda W. J. H. Penninx and  Frans G. Zitman, MD},
	Date-Modified = {2016-05-20 12:33:48 +0000},
	Journal = {Arch Gen Psychiatry},
	Title = {Overweight, Obesity, and Depression: A Systematic Review and Meta-analysis of Longitudinal Studies},
	Year = 2010}
